% The example bibliographical entries below were borrowed from the
% <https://www.ctan.org/pkg/biblatex-iso690> package documentation.

% BORGMAN, Christine L., 2003. From Gutenberg to the global information
% infrastructure: access to information in the networked world. First. Cambridge
% (Mass): The MIT Press. ISBN 0-262-52345-0 [xviii, 324]

% Masaryk University, 1996â€“2009 [online]. Brno: Masaryk University
% [visited on 2016-12-09]. Available from: https://www.muni.cz/en.

@book{scott2006textual,
  title={Textual patterns: Key words and corpus analysis in language education},
  author={Scott, Mike and Tribble, Christopher},
  volume={22},
  year={2006},
  publisher={John Benjamins Publishing}
}

@book{manning2008introduction,
  title={Introduction to information retrieval},
  author={Manning, Christopher D and Raghavan, Prabhakar and Sch{\"u}tze, Hinrich and others},
  volume={1},
  number={1},
  year={2008},
  publisher={Cambridge university press Cambridge}
}

@book{jurafsky2014speech,
  title={Speech and language processing},
  subtitle={An Introduction to Natural Language Processing,
Computational Linguistics, and Speech Recognition},
  author={Jurafsky, Dan and Martin, James H},
  volume={3},
  year={2014},
  publisher={Pearson London}
}

@inproceedings{chiticariu2013rule,
  title={Rule-based information extraction is dead! long live rule-based information extraction systems!},
  author={Chiticariu, Laura and Li, Yunyao and Reiss, Frederick R},
  booktitle={Proceedings of the 2013 conference on empirical methods in natural language processing},
  pages={827--832},
  year={2013}
}

@article{lassila1999resource,
  title={Resource description framework (RDF) model and syntax specification},
  author={Lassila, Ora and Swick, Ralph R},
  year={1999}
}

@inproceedings{hearst1992automatic,
  title={Automatic acquisition of hyponyms from large text corpora},
  author={Hearst, Marti A},
  booktitle={Proceedings of the 14th conference on Computational linguistics-Volume 2},
  pages={539--545},
  year={1992},
  organization={Association for Computational Linguistics}
}

@inproceedings{mintz2009distant,
  title={Distant supervision for relation extraction without labeled data},
  author={Mintz, Mike and Bills, Steven and Snow, Rion and Jurafsky, Dan},
  booktitle={Proceedings of the Joint Conference of the 47th Annual Meeting of the ACL and the 4th International Joint Conference on Natural Language Processing of the AFNLP: Volume 2-Volume 2},
  pages={1003--1011},
  year={2009},
  organization={Association for Computational Linguistics}
}

@article{blei2003latent,
  title={Latent dirichlet allocation},
  author={Blei, David M and Ng, Andrew Y and Jordan, Michael I},
  journal={Journal of machine Learning research},
  volume={3},
  number={Jan},
  pages={993--1022},
  year={2003}
}

@inproceedings{xiao2010efficient,
  title={Efficient collapsed gibbs sampling for latent dirichlet allocation},
  author={Xiao, Han and Stibor, Thomas},
  booktitle={Proceedings of 2nd Asian Conference on Machine Learning},
  pages={63--78},
  year={2010}
}

@inproceedings{bird2004nltk,
  title={NLTK: the natural language toolkit},
  author={Bird, Steven and Loper, Edward},
  booktitle={Proceedings of the ACL 2004 on Interactive poster and demonstration sessions},
  pages={31},
  year={2004},
  organization={Association for Computational Linguistics}
}

@book{bird2009natural,
  title={Natural language processing with Python: analyzing text with the natural language toolkit},
  author={Bird, Steven and Klein, Ewan and Loper, Edward},
  year={2009},
  publisher={" O'Reilly Media, Inc."}
}

@online{googleNLP,
  title = {Google Cloud Natural Language},
  url = {https://cloud.google.com/natural-language/},
  urldate = {2018-02-08}
}

@online{watsonNLP,
  title = {Watson Natural Language Understanding},
  url = {https://www.ibm.com/watson/services/natural-language-understanding/},
  urldate = {2018-02-08}
}

@online{alchemyRetirement,
  title = {Retirement of AlchemyAPI service},
  author= {Deepika Devarajan},
  url = {https://www.ibm.com/blogs/bluemix/2017/03/bye-bye-alchemyapi/},
  date = {2017-04-07},
  urldate = {2018-02-08}
}

@online{aylienNLP,
  title = {Aylien},
  url = {https://aylien.com/},
  year = {2018},
  urldate = {2018-02-08}
}

@book{american2015davis,
  title={Davis V. HappyLand Toy Company},
  author={{American Mock Trial Association and National Institute for Trial Advocacy (U.S.)}},
  isbn={9781601565204},
  series={Case file /American Mock Trial Association},
  url={https://books.google.cz/books?id=DrfljgEACAAJ},
  year={2015},
  publisher={NITA}
}

@article{pedregosa2011scikit,
  title={Scikit-learn: Machine learning in Python},
  author={Pedregosa, Fabian and Varoquaux, Ga{\"e}l and Gramfort, Alexandre and Michel, Vincent and Thirion, Bertrand and Grisel, Olivier and Blondel, Mathieu and Prettenhofer, Peter and Weiss, Ron and Dubourg, Vincent and others},
  journal={Journal of machine learning research},
  volume={12},
  number={Oct},
  pages={2825--2830},
  year={2011}
}

@online{incrementalScikit,
  title = {Strategies to scale computationally: bigger data},
  url = {http://scikit-learn.org/stable/modules/scaling_strategies.html},
  urldate = {2018-04-19}
}

@online{brownCorpus,
  title = {Brown corpus: Corpus of American English},
  url = {https://www.sketchengine.co.uk/brown-corpus/},
  urldate = {2018-02-12}
}

@misc{smeeton1985kappa,
  title={Early history of the kappa statistic},
  author={Smeeton, Nigel C},
  year={1985},
  publisher={JSTOR}
}

@article{levandowsky1971distance,
  title={Distance between sets},
  author={Levandowsky, Michael and Winter, David},
  journal={Nature},
  volume={234},
  number={5323},
  pages={34},
  year={1971},
  publisher={Nature Publishing Group}
}

@online{oxfordDictionaries,
  title = {How many words are there in the English language?},
  url = {https://en.oxforddictionaries.com/explore/how-many-words-are-there-in-the-english-language},
  urldate = {2018-02-27}
}

@online{wordEmbeddings,
  title = {An Intuitive Understanding of Word Embeddings: From Count Vectors to Word2Vec},
  author = {Neeraj Singh Sarwan},
  url = {https://www.analyticsvidhya.com/blog/2017/06/word-embeddings-count-word2veec/},
  urldate = {2018-03-19}
}

@article{mikolov2013efficient,
  title={Efficient estimation of word representations in vector space},
  author={Mikolov, Tomas and Chen, Kai and Corrado, Greg and Dean, Jeffrey},
  journal={arXiv preprint arXiv:1301.3781},
  year={2013}
}

@inproceedings{mikolov2013linguistic,
  title={Linguistic regularities in continuous space word representations},
  author={Mikolov, Tomas and Yih, Wen-tau and Zweig, Geoffrey},
  booktitle={Proceedings of the 2013 Conference of the North American Chapter of the Association for Computational Linguistics: Human Language Technologies},
  pages={746--751},
  year={2013}
}

@online{word2vecGoogle,
  title = {Google code archive: word2vec},
  author = {Google},
  url = {https://code.google.com/archive/p/word2vec/},
  urldate = {2018-03-19}
}

@inproceedings{vedantam2015learning,
  title={Learning common sense through visual abstraction},
  author={Vedantam, Ramakrishna and Lin, Xiao and Batra, Tanmay and Lawrence Zitnick, C and Parikh, Devi},
  booktitle={Proceedings of the IEEE international conference on computer vision},
  pages={2542--2550},
  year={2015}
}

@book{Goodfellow-et-al-2016,
    title={Deep Learning},
    author={Ian Goodfellow and Yoshua Bengio and Aaron Courville},
    publisher={MIT Press},
    note={\url{http://www.deeplearningbook.org}},
    year={2016}
}

@Article{Prakken2017autonomous,
author="Prakken, Henry",
title="On the problem of making autonomous vehicles conform to traffic law",
journal="Artificial Intelligence and Law",
year="2017",
month="Sep",
day="01",
volume="25",
number="3",
pages="341--363",
issn="1572-8382",
doi="10.1007/s10506-017-9210-0",
url="https://doi.org/10.1007/s10506-017-9210-0"
}

@Article{Frank2017robotSex,
author="Frank, Lily
and Nyholm, Sven",
title="Robot sex and consent: Is consent to sex between a robot and a human conceivable, possible, and desirable?",
journal="Artificial Intelligence and Law",
year="2017",
month="Sep",
day="01",
volume="25",
number="3",
pages="305--323",
issn="1572-8382",
doi="10.1007/s10506-017-9212-y",
url="https://doi.org/10.1007/s10506-017-9212-y"
}

@Article{Brozek2017AIresponsibility,
author="Bro{\.{z}}ek, Bartosz
and Jakubiec, Marek",
title="On the legal responsibility of autonomous machines",
journal="Artificial Intelligence and Law",
year="2017",
month="Sep",
day="01",
volume="25",
number="3",
pages="293--304",
issn="1572-8382",
doi="10.1007/s10506-017-9207-8",
url="https://doi.org/10.1007/s10506-017-9207-8"
}

@Article{Turtle1995legalRetrieval,
author="Turtle, Howard",
title="Text retrieval in the legal world",
journal="Artificial Intelligence and Law",
year="1995",
month="Mar",
day="01",
volume="3",
number="1",
pages="5--54",
issn="1572-8382",
doi="10.1007/BF00877694",
url="https://doi.org/10.1007/BF00877694"
}

@Article{Smith1995flexlaw,
author="Smith, J. C.
and Gelbart, Daphne
and Maccrimmon, Keith
and Atherton, Bruce
and Mcclean, John
and Shinehoft, Michelle
and Quintana, Lincoln",
title="Artificial intelligence and legal discourse: The Flexlaw legal text management system",
journal="Artificial Intelligence and Law",
year="1995",
month="Mar",
day="01",
volume="3",
number="1",
pages="55--95",
issn="1572-8382",
doi="10.1007/BF00877695",
url="https://doi.org/10.1007/BF00877695"
}

@Article{Greenleaf1995datalex,
author="Greenleaf, Graham
and Mowbray, Andrew
and van Dijk, Peter",
title="Representing and using legal knowledge in integrated decision support systems: DataLex WorkStations",
journal="Artificial Intelligence and Law",
year="1995",
month="Mar",
day="01",
volume="3",
number="1",
pages="97--142",
issn="1572-8382",
doi="10.1007/BF00877696",
url="https://doi.org/10.1007/BF00877696"
}

@Article{Rissland1996bankxx,
author="Rissland, Edwina L.
and Skalak, David B.
and Friedman, M. Timur",
title="BankXX: Supporting legal arguments through heuristic retrieval",
journal="Artificial Intelligence and Law",
year="1996",
month="Mar",
day="01",
volume="4",
number="1",
pages="1--71",
issn="1572-8382",
doi="10.1007/BF00123994",
url="https://doi.org/10.1007/BF00123994"
}

@Article{Freeman1996argument,
author="Freeman, Kathleen
and Farley, Arthur M.",
title="A model of argumentation and its application to legal reasoning",
journal="Artificial Intelligence and Law",
year="1996",
month="Sep",
day="01",
volume="4",
number="3",
pages="163--197",
issn="1572-8382",
doi="10.1007/BF00118492",
url="https://doi.org/10.1007/BF00118492"
}

@Article{Bench-Capon1997argument,
author="Bench-Capon, Trevor",
title="Argument in Artificial Intelligence and Law",
journal="Artificial Intelligence and Law",
year="1997",
month="Dec",
day="01",
volume="5",
number="4",
pages="249--261",
issn="1572-8382",
doi="10.1023/A:1008242417011",
url="https://doi.org/10.1023/A:1008242417011"
}

@inproceedings{ashley2013information,
  title={From Information Retrieval (IR) to Argument Retrieval (AR) for Legal Cases: Report on a Baseline Study.},
  author={Ashley, Kevin D and Walker, Vern R},
  booktitle={JURIX},
  pages={29--38},
  year={2013}
}

@Article{Visser1998ontologies,
author="Visser, Pepijn R. S.
and Bench-Capon, Trevor J. M.",
title="A Comparison of Four Ontologies for the Design of Legal Knowledge Systems",
journal="Artificial Intelligence and Law",
year="1998",
month="Mar",
day="01",
volume="6",
number="1",
pages="27--57",
issn="1572-8382",
doi="10.1023/A:1008251913710",
url="https://doi.org/10.1023/A:1008251913710"
}

@Inbook{VanEngers2008folaw,
author="Van Engers, Tom
and Boer, Alexander
and Breuker, Joost
and Valente, Andr{\'e}
and Winkels, Radboud",
editor="Chen, Hsinchun
and Brandt, Lawrence
and Gregg, Valerie
and Traunm{\"u}ller, Roland
and Dawes, Sharon
and Hovy, Eduard
and Macintosh, Ann
and Larson, Catherine A.",
title="Ontologies in the Legal Domain",
bookTitle="Digital Government: E-Government Research, Case Studies, and Implementation",
year="2008",
publisher="Springer US",
address="Boston, MA",
pages="233--261",
isbn="978-0-387-71611-4",
doi="10.1007/978-0-387-71611-4_13",
url="https://doi.org/10.1007/978-0-387-71611-4_13"
}

